@article {AdExp2005,
	author = {Brette, Romain and Gerstner, Wulfram},
	title = {Adaptive exponential integrate-and-fire model as an effective description of neuronal activity},
	volume = {94},
	number = {5},
	pages = {3637--3642},
	year = {2005},
	publisher = {American Physiological Society},
	journal = {Journal of Neurophysiology}
}

@article{AdExpScholarpedia2009,
	author = {Gerstner, Wulfram  and Brette, Romain},
	title = {{A}daptive exponential integrate-and-fire model},
	year = 2009,
	journal = {Scholarpedia},
	volume = 4,
	number = 6,
	pages = 8427
}

@inproceedings{BrainScaleS2010,
  title={A wafer-scale neuromorphic hardware system for large-scale neural modeling},
  author={Schemmel, Johannes and Bruderle, D. and Grubl, A. and Hock, Matthias and Meier, Karlheinz and Millner, Sebastian},
  booktitle={Circuits and Systems (ISCAS), Proceedings of 2010 IEEE International Symposium on},
  pages={1947--1950},
  year={2010},
  organization={IEEE}
}

@article{petrovici2014characterization,
  title={Characterization and compensation of network-level anomalies in mixed-signal neuromorphic modeling platforms},
  author={Petrovici, Mihai A. and Vogginger, Bernhard and M{\"u}ller, Paul and Breitwieser, Oliver and Lundqvist, Mikael and Muller, Lyle and Ehrlich, Matthias and Destexhe, Alain and Lansner, Anders and Sch{\"u}ffny, Ren{\'e} and others},
  year={2014}
}

@article{BiNAM1969,
  title={Non-holographic associative memory.},
  author={Willshaw, David J. and Buneman, O. Peter and Longuet-Higgins, Hugh Christopher},
  journal={Nature},
  year={1969},
  publisher={Nature Publishing Group}
}

@article{steinbuch1961lernmatrix,
  title={Die {L}ernmatrix},
  author={Steinbuch, Karl},
  journal={Biological Cybernetics},
  volume={1},
  number={1},
  pages={36--45},
  year={1961},
  publisher={Springer}
}

@article{palm2013neural,
  title={Neural associative memories and sparse coding},
  author={Palm, G{\"u}nther},
  journal={Neural Networks},
  volume={37},
  pages={165--171},
  year={2013},
  publisher={Elsevier}
}

@article{palm1980associative,
  title={On associative memory},
  author={Palm, G{\"u}nther},
  journal={Biological cybernetics},
  volume={36},
  number={1},
  pages={19--31},
  year={1980},
  publisher={Springer}
}

@article{ruckert1991tolerance,
  title={Tolerance of a binary associative memory towards stuck-at-faults},
  author={R{\"u}ckert, Ulrich and Surmann, Hartmut},
  journal={Artificial Neural Networks},
  volume={2},
  year={1991}
}

@article{hopfield1982neural,
  title={Neural networks and physical systems with emergent collective computational abilities},
  author={Hopfield, John J.},
  journal={Proceedings of the national academy of sciences},
  volume={79},
  number={8},
  pages={2554--2558},
  year={1982},
  publisher={National Acad Sciences}
}

@article{hopfield2007hopfield,
  title={Hopfield network},
  author={Hopfield, John J.},
  journal={Scholarpedia},
  volume={2},
  number={5},
  pages={1977},
  year={2007}
}

@book{knoblauch2003synchronization,
  title={Synchronization and pattern separation in spiking associative memories and visual cortical areas.},
  author={Knoblauch, Andreas},
  year={2003},
  publisher={Universit{\"a}t Ulm, Fakult{\"a}t f{\"u}r Informatik}
}

@article{knoblauch2014structural,
  title={Structural Synaptic Plasticity Has High Memory Capacity and Can Explain Graded Amnesia, Catastrophic Forgetting, and the Spacing Effect},
  author={Knoblauch, Andreas and K{\"o}rner, Edgar and K{\"o}rner, Ursula and Sommer, Friedrich T.},
  year={2014}
}

@article{johansson2007towards,
	title = "Towards cortex sized artificial neural systems",
	journal = "Neural Networks",
	volume = "20",
	number = "1",
	pages = "48 - 61",
	year = "2007",
	author = "Christopher Johansson and Anders Lansner",
}

@article{hasler2013finding,
  title={Finding a roadmap to achieve large neuromorphic hardware systems},
  author={Hasler, Jennifer and Marr, Bo},
  journal={Frontiers in neuroscience},
  volume={7},
  year={2013},
  publisher={Frontiers Media SA}
}

@inproceedings{hay1960mark,
	title={The {Mark I Perceptron} -- {D}esign and performance},
	author={Hay, John C. and Martin, F. C. and Wightman, C. W.},
	booktitle={Proceedings of the institute of radio engineers},
	volume={48},
	number={3},
	pages={398--399},
	year={1960}
}

@inproceedings{widrow1960adaptive,
  title={Adaptive switching circuits},
  author={Widrow, Bernard and Hoff, Marcian E.},
  booktitle={WESCON Convention Record Part IV},
  pages={96--104},
  year={1960}
}

@misc{muller2015programmierung,
  author       = {Müller, Sylvia},
  title        = {Programmierung neuronaler Assoziativspeicher auf Basis pulsender Neuronen},
  year         = 2015,
  address      = {Cognitronics and Sensor Systems Group, Bielefeld University},
  howpublished  = {Bachelor Thesis}
}

%
% File formats
%

@online{hdf2015website,
	author = {{HDF Group}},
	title = "{Hierarchical Data Format, version 5}",
	year = {1997-2015},
	url = {http://www.hdfgroup.org/HDF5/}
}

@techreport{json2014rfc,
	editor = {Bray, T.},
	institution = {Internet Engineering Task Force},
	title = {The JavaScript Object Notation (JSON) Data Interchange Format},
	number = {RFC7159},
	type = {Proposed Standard},
	year = {2014}
}


%
% Neuron models
%

@book{gerstner2002spiking,
  title={Spiking neuron models: Single neurons, populations, plasticity},
  author={Gerstner, Wulfram and Kistler, Werner M.},
  year={2002},
  publisher={Cambridge university press}
}

@book{haykin2011neural,
  title={Neural Networks and Learning Machines},
  author={Haykin, S. O.},
  year={2011},
  publisher={Pearson Education}
}

@ARTICLE{prinz2007neuronal,
	AUTHOR = {Prinz, A. A.},
	TITLE   = {{N}euronal parameter optimization},
	YEAR	= 2007,
	JOURNAL	= {Scholarpedia},
	VOLUME  = 2,
	NUMBER  = 1,
	PAGES   = 1903
}

@ARTICLE{sjostrom2010spike,
	AUTHOR = {Sjöström, J.  and Gerstner, W. },
	TITLE   = {{S}pike-timing dependent plasticity},
	YEAR	= 2010,
	JOURNAL	= {Scholarpedia},
	VOLUME  = 5,
	NUMBER  = 2,
	PAGES   = 1362,
}

@article{mcculloch1943logical,
  title={A logical calculus of the ideas immanent in nervous activity},
  author={McCulloch, Warren S. and Pitts, Walter},
  journal={The bulletin of mathematical biophysics},
  volume={5},
  number={4},
  pages={115--133},
  year={1943},
  publisher={Springer}
}

@article{copeland1996alan,
	year={1996},
	journal={Synthese},
	volume={108},
	number={3},
	title={On Alan Turing's anticipation of connectionism},
	publisher={Kluwer Academic Publishers},
	author={Copeland, B. Jack and Proudfoot, Diane},
	pages={361-377},
	language={English}
}

@article{kobayashi2009made,
  title={Made-to-order spiking neuron model equipped with a multi-timescale adaptive threshold},
  author={Kobayashi, Ryota and Tsubo, Yasuhiro and Shinomoto, Shigeru},
  journal={Frontiers in computational neuroscience},
  volume={3},
  year={2009},
  publisher={Frontiers Research Foundation}
}

@article{hodgkin1952quantitative,
  title={A quantitative description of membrane current and its application to conduction and excitation in nerve},
  author={Hodgkin, Alan L. and Huxley, Andrew F.},
  journal={The Journal of physiology},
  volume={117},
  number={4},
  pages={500--544},
  year={1952},
  publisher={Wiley Online Library}
}

@article{izhikevich2004model,
  title={Which model to use for cortical spiking neurons?},
  author={Izhikevich, Eugene M.},
  journal={IEEE transactions on neural networks},
  volume={15},
  number={5},
  pages={1063--1070},
  year={2004}
}

@article{maass1997networks,
  title={Networks of spiking neurons: the third generation of neural network models},
  author={Maass, Wolfgang},
  journal={Neural networks},
  volume={10},
  number={9},
  pages={1659--1671},
  year={1997},
  publisher={Elsevier}
}

@article{belatreche2007advances,
  title={Advances in design and application of spiking neural networks},
  author={Belatreche, Ammar and Maguire, Liam P. and McGinnity, Martin},
  journal={Soft Computing},
  volume={11},
  number={3},
  pages={239--248},
  year={2007},
  publisher={Springer}
}

@article{marder2011multiple,
  title={Multiple models to capture the variability in biological neurons and networks},
  author={Marder, Eve and Taylor, Adam L.},
  journal={Nature neuroscience},
  volume={14},
  number={2},
  pages={133--138},
  year={2011},
  publisher={Nature Publishing Group}
}

@article{prinz2004similar,
  title={Similar network activity from disparate circuit parameters},
  author={Prinz, Astrid A. and Bucher, Dirk and Marder, Eve},
  journal={Nature neuroscience},
  volume={7},
  number={12},
  pages={1345--1352},
  year={2004},
  publisher={Nature Publishing Group}
}

%
% Neurobiology/AI history
%

@article{schmidhuber2015deep,
  title={Deep learning in neural networks: An overview},
  author={Schmidhuber, J{\"u}rgen},
  journal={Neural Networks},
  volume={61},
  pages={85--117},
  year={2015},
  publisher={Elsevier}
}

@book{kandel2012principles,
  title={Principles of Neural Science, Fifth Edition},
  author={Kandel, E. and Schwartz, J. and Jessell, T. and Siegelbaum, S. and Hudspeth, A. J.},
  year={2012},
  publisher={McGraw-Hill Education}
}

@article{hinton2006fast,
  title={A fast learning algorithm for deep belief nets},
  author={Hinton, Geoffrey E. and Osindero, Simon and Teh, Yee-Whye},
  journal={Neural computation},
  volume={18},
  number={7},
  pages={1527--1554},
  year={2006},
  publisher={MIT Press}
}

@article{mccarthy2006proposal,
  title={A proposal for the {D}artmouth summer research project on artificial intelligence, {A}ugust 31, 1955},
  author={McCarthy, John and Minsky, Marvin L. and Rochester, Nathaniel and Shannon, Claude E.},
  journal={AI Magazine},
  volume={27},
  number={4},
  pages={12},
  year={2006}
}

@book{minsky1987perceptrons,
  title={Perceptrons - Expanded Edition: An Introduction to Computational Geometry},
  author={Minsky, Marvin L. and Papert, Seymour A.},
  year={1987},
  publisher={MIT press Boston, MA:}
}

@book{ramon1904textura,
  title={Textura del Sistema Nervioso del Hombre y de los Vertebrados},
  author={Santiago Ramón Y. Cajal},
  volume={2},
  year={1904},
  publisher={Nicolas Moya, Madrid}
}

@article{glickstein2006golgi,
  title={Golgi and Cajal: The neuron doctrine and the 100th anniversary of the 1906 Nobel Prize},
  author={Glickstein, Mitch},
  journal={Current Biology},
  volume={16},
  number={5},
  pages={147--151},
  year={2006},
  publisher={Elsevier}
}

@article{pearce2001emil,
  title={Emil Heinrich Du Bois-Reymond (1818--96)},
  author={Pearce, JMS},
  journal={Journal of Neurology, Neurosurgery \& Psychiatry},
  volume={71},
  number={5},
  pages={620--620},
  year={2001},
  publisher={BMJ Publishing Group Ltd}
}

@article{schuetze1983discovery,
  title={The discovery of the action potential},
  author={Schuetze, Stephen M.},
  journal={Trends in Neurosciences},
  volume={6},
  pages={164--168},
  year={1983},
  publisher={Elsevier}
}

@article{piccolino1997luigi,
  title={Luigi Galvani and animal electricity: two centuries after the foundation of electrophysiology},
  author={Piccolino, Marco},
  journal={Trends in neurosciences},
  volume={20},
  number={10},
  pages={443--448},
  year={1997},
  publisher={Elsevier}
}

%
% Biological neuron properties
%

@article{mainen1995reliability,
  title={Reliability of spike timing in neocortical neurons},
  author={Mainen, Zachary F. and Sejnowski, Terrence J.},
  journal={Science},
  volume={268},
  number={5216},
  pages={1503--1506},
  year={1995},
  publisher={American Association for the Advancement of Science}
}

@article{connors1990intrinsic,
  title={Intrinsic firing patterns of diverse neocortical neurons},
  author={Connors, Barry W. and Gutnick, Michael J.},
  journal={Trends in neurosciences},
  volume={13},
  number={3},
  pages={99--104},
  year={1990},
  publisher={Elsevier}
}

@article{lisman1997bursts,
  title={Bursts as a unit of neural information: making unreliable synapses reliable},
  author={Lisman, John E.},
  journal={Trends in neurosciences},
  volume={20},
  number={1},
  pages={38--43},
  year={1997},
  publisher={Elsevier}
}

@article{shadlen1994noise,
  title={Noise, neural codes and cortical organization},
  author={Shadlen, Michael N. and Newsome, William T.},
  journal={Current opinion in neurobiology},
  volume={4},
  number={4},
  pages={569--579},
  year={1994},
  publisher={Elsevier}
}

@article{softky1993highly,
  title={The highly irregular firing of cortical cells is inconsistent with temporal integration of random EPSPs},
  author={Softky, William R. and Koch, Christof},
  journal={The Journal of Neuroscience},
  volume={13},
  number={1},
  pages={334--350},
  year={1993},
  publisher={Soc Neuroscience}
}

@article{barbour1997intersynaptic,
  title={Intersynaptic diffusion of neurotransmitter},
  author={Barbour, Boris and Hausser, Michael},
  journal={Trends in neurosciences},
  volume={20},
  number={9},
  pages={377--384},
  year={1997},
  publisher={Cambridge: Elsevier Trends Journals,[1978]-}
}

%
% Random combinations
%

@article{bentley1987programming,
  title={Programming pearls: a sample of brilliance},
  author={Bentley, Jon and Floyd, Robert},
  journal={Communications of the ACM},
  volume={30},
  number={9},
  pages={754--757},
  year={1987},
  publisher={ACM}
}

@book{knuth1998trie,
  author       = {Knuth, Donald Ervin},
  title        = {Sorting and searching},
  edition      = {2. ed., 1. print.},
  year         = {1998},
  pages        = {492--512},
}

@book{bellman1957dynamic,
  author = {Bellman, Richard Ernest},
  title = {Dynamic Programming},
  edition = {6. print},
  year = {1957}
}

%
% Numerics
%

@article{schraudolph1999fast,
  title={A fast, compact approximation of the exponential function},
  author={Schraudolph, Nicol N.},
  journal={Neural Computation},
  volume={11},
  number={4},
  pages={853--862},
  year={1999},
  publisher={MIT Press}
}

@article{corless1996lambertw,
  title={On the Lambert W function},
  author={Corless, Robert M. and Gonnet, Gaston H. and Hare, David E. G. and Jeffrey, David J. and Knuth, Donald E.},
  journal={Advances in Computational mathematics},
  volume={5},
  number={1},
  pages={329--359},
  year={1996},
  publisher={Springer}
}

@book{stoer2013introduction,
  title={Introduction to Numerical Analysis},
  author={Stoer, J. and Bartels, R. and Gautschi, W. and Bulirsch, R. and Witzgall, C.},
  series={Texts in Applied Mathematics},
  year={1993},
  publisher={Springer New York}
}

@book{miettinen2012nonlinear,
  title={Nonlinear multiobjective optimization},
  author={Miettinen, Kaisa},
  volume={12},
  year={1998},
  publisher={Springer Science \& Business Media}
}

%
% Theoretical computer science
%

@book{karp1972reducibility,
  title={Reducibility among combinatorial problems},
  author={Karp, Richard M.},
  year={1972},
  publisher={Springer}
}

%
% Information theory
%

@book{lathi2009modern,
  title={Modern Digital and Analog Communication Systems},
  author={Lathi, Bhagwandas L. and Ding, Zhi},
  year={2009},
  publisher={Oxford University Press}
}

@article{shannon2001mathematical,
  title={A mathematical theory of communication},
  author={Shannon, Claude Elwood},
  journal={The Bell System Technical Journal},
  volume={27},
  pages={379-423},
  year={1948},
  publisher={American Telephone and Telegraph Co}
}

%
% Optimisation
%

@article{nelder1965simplex,
  title={A simplex method for function minimization},
  author={Nelder, John A. and Mead, Roger},
  journal={The computer journal},
  volume={7},
  number={4},
  pages={308--313},
  year={1965},
  publisher={Br Computer Soc}
}


@book{press2007numerical_downhill,
  title={Numerical recipes 3rd edition: The art of scientific computing},
  author={Press, William H. and Teukolsky, Saul A. and Vetterlin, William T. and Flannery, Brian P.},
  year={2007},
  publisher={Cambridge university press},
  chapter={10}
}

%
% Differential equations
%

@book{press2007numerical,
  title={Numerical recipes 3rd edition: The art of scientific computing},
  author={Press, William H. and Teukolsky, Saul A. and Vetterlin, William T. and Flannery, Brian P.},
  year={2007},
  publisher={Cambridge university press},
  chapter={17}
}

@article{dormand1980family,
  title={A family of embedded Runge-Kutta formulae},
  author={Dormand, John R. and Prince, Peter J.},
  journal={Journal of computational and applied mathematics},
  volume={6},
  number={1},
  pages={19--26},
  year={1980},
  publisher={Elsevier}
}

%
% Brain statistics
%

@article{herculano2006cellular,
  title={Cellular scaling rules for rodent brains},
  author={Herculano-Houzel, Suzana and Mota, Bruno and Lent, Roberto},
  journal={Proceedings of the National Academy of Sciences},
  volume={103},
  number={32},
  pages={12138--12143},
  year={2006},
  publisher={National Acad Sciences}
}

@book{braitenberg2013cortex,
  title={Cortex: statistics and geometry of neuronal connectivity},
  author={Braitenberg, Valentino and Sch{\"u}z, Almut},
  year={2013},
  publisher={Springer Science \& Business Media}
}

%
% Associationism
%

@article{warren1916mental,
  title={Mental association from {Plato} to {Hume}},
  author={Warren, Howard C.},
  journal={Psychological Review},
  volume={23},
  number={3},
  pages={208},
  year={1916},
  publisher={Psychological Review Company}
}

@book{kohonen2012content,
  title={Content-addressable memories},
  author={Kohonen, Teuvo},
  volume={1},
  year={2012},
  publisher={Springer Science \& Business Media}
}

@book{hebb2005organization,
  title={The organization of behavior: A neuropsychological theory},
  author={Hebb, Donald Olding},
  year={2005},
  publisher={Psychology Press}
}

%
% Human brain project
%

@online{hbp_objectives,
	author={{Human Brain Project}},
	title={Mission -- The Human Brain Project},
	year=2015,
	url={https://www.humanbrainproject.eu/discover/the-project/strategic-objectives}
}

@online{hbp_projects,
	author={{Human Brain Project}},
	title={Overview -- The Human Brain Project},
	year=2015,
	url={https://www.humanbrainproject.eu/discover/the-project/overview}
}

@online{hbp_neuromorphic_platform,
	author={{Human Brain Project, SP9}},
	title={Neuromorphic Platform Specification -- Public Version},
	year={2015},
	url={https://flagship.kip.uni-heidelberg.de/jss/FileExchange?fID=359&s=qqdXDg6HuX3&uID=65}
}

@inproceedings{rast2010leaky,
  title={The leaky integrate-and-fire neuron: A platform for synaptic model exploration on the {SpiNNaker} chip},
  author={Rast, Alexander D. and Galluppi, Francesco and Jin, Xin and Furber, SB},
  booktitle={Neural Networks (IJCNN), The 2010 International Joint Conference on},
  pages={1--8},
  year={2010},
  organization={IEEE}
}

@article{painkras2013spinnaker,
  title={SpiNNaker: A 1-W 18-core system-on-chip for massively-parallel neural network simulation},
  author={Painkras, Eustace and Plana, Luis and Garside, Jim and Temple, Sally and Galluppi, Francesco and Patterson, Cameron and Lester, David R. and Brown, Andrew D. and Furber, Steve B. and others},
  journal={Solid-State Circuits, IEEE Journal of},
  volume={48},
  number={8},
  pages={1943--1953},
  year={2013},
  publisher={IEEE}
}

@article{furber2013overview,
  title={Overview of the {SpiNNaker} system architecture},
  author={Furber, Steve B. and Lester, David R. and Plana, Luis and Garside, Jim D. and Painkras, Eustace and Temple, Sally and Brown, Andrew D. and others},
  journal={Computers, IEEE Transactions on},
  volume={62},
  number={12},
  pages={2454--2467},
  year={2013},
  publisher={IEEE}
}

@inproceedings{schemmel2010wafer,
  title={A wafer-scale neuromorphic hardware system for large-scale neural modeling},
  author={Schemmel, Johannes and Bruderle, D. and Grubl, A. and Hock, Matthias and Meier, Karlheinz and Millner, Sebastian},
  booktitle={Circuits and Systems (ISCAS), Proceedings of 2010 IEEE International Symposium on},
  pages={1947--1950},
  year={2010},
  organization={IEEE}
}

@article{bruderle2011comprehensive,
  title={A comprehensive workflow for general-purpose neural modeling with highly configurable neuromorphic hardware systems},
  author={Br{\"u}derle, Daniel and Petrovici, Mihai A. and Vogginger, Bernhard and Ehrlich, Matthias and Pfeil, Thomas and Millner, Sebastian and Gr{\"u}bl, Andreas and Wendt, Karsten and M{\"u}ller, Eric and Schwartz, Marc-Olivier and others},
  journal={Biological cybernetics},
  volume={104},
  number={4-5},
  pages={263--296},
  year={2011},
  publisher={Springer}
}

@article{pfeil2013six,
  author   = {Pfeil, Thomas  and  Gr\"ubl, Andreas  and  Jeltsch, Sebastian  and  M\"uller, Eric  and  M\"uller, Paul  and  Petrovici, Mihai A.  and  Schmuker, Michael  and  Br\"uderle, Daniel  and  Schemmel, Johannes  and  Meier, Karlheinz},
  title    = {Six networks on a universal neuromorphic computing substrate},
  journal  = {Frontiers in Neuroscience},
  volume   = {7},
  year     = {2013},
  pages    = {11}
}

@article{davison2008pynn,
  title={PyNN: a common interface for neuronal network simulators},
  author={Davison, Andrew P. and Br{\"u}derle, Daniel and Eppler, Jochen and Kremkow, Jens and Muller, Eilif and Pecevski, Dejan and Perrinet, Laurent and Yger, Pierre},
  journal={Frontiers in neuroinformatics},
  volume={2},
  year={2008},
  publisher={Frontiers Research Foundation}
}

@ARTICLE{gewaltig2007nest,
  author = {Marc-Oliver Gewaltig and Markus Diesmann},
  title = {NEST (NEural Simulation Tool)},
  journal = {Scholarpedia},
  year = {2007},
  volume = {2},
  pages = {1430},
  number = {4}
}

@article{morrison2007exact,
  title={Exact subthreshold integration with continuous spike times in discrete-time neural network simulations},
  author={Morrison, Abigail and Straube, Sirko and Plesser, Hans Ekkehard and Diesmann, Markus},
  journal={Neural computation},
  volume={19},
  number={1},
  pages={47--79},
  year={2007},
  publisher={MIT Press}
}

@book{izhikevich2007dynamical,
  title={Dynamical systems in neuroscience},
  author={Izhikevich, Eugene M.},
  year={2007},
  publisher={MIT press}
}

%
% Software
%
@inproceedings{de2010new,
  title={The new linux {\texttt{perf}} tools},
  author={de Melo, Arnaldo Carvalho},
  booktitle={Slides from Linux Kongress},
  year={2010}
}

@techreport{isocpp14,
 author = {ISO},
 Institution = {International Organization for Standardization},
 address = {Geneva, Switzerland},
 Title = {Information technology -- {P}rogramming languages -- {C++}},
 number = {14882:2014(E)},
 Type = {Standard},
 Year = {2014}
}

@incollection{stroustrup2012foundations,
  title={Foundations of C++},
  author={Stroustrup, Bjarne},
  booktitle={Programming Languages and Systems},
  pages={1--25},
  year={2012},
  publisher={Springer}
}

@book{stroustrup2013cpp,
  title={The C++ Programming Language},
  author={Stroustrup, Bjarne},
  year={2013},
  edition={4th},
  publisher={Pearson Education}
}

@book{stroustrup2013duck,
  title={The C++ Programming Language},
  author={Stroustrup, Bjarne},
  year={2013},
  edition={4th},
  publisher={Pearson Education},
  pages={700}
}

@online{qt5,
	author={{Qt Company}},
	title={Qt project homepage},
	year={2015},
	url={http://www.qt.io/}
}

@online{qcustomplot,
	author={Emanuel Eichhammer},
	title={Qt Plotting Widget {QCustomPlot}},
	year={2015},
	url={http://www.qcustomplot.com/}
}

@online{fastapprox,
	author={Paul Mineiro},
	title={Approximate and vectorized versions of functions commonly used in machine learning},
	year={2012},
	url={https://code.google.com/p/fastapprox/}
}

@online{pynnless,
	author={Stöckel, Andreas},
	title={Yet another abstraction layer on top of PyNN},
	year={2015},
	url={https://github.com/hbp-sanncs/pynnless}
}

@online{pynam,
	author={Stöckel, Andreas},
	title={Spiking neural network implementation of the Willshaw associative memory},
	year={2015},
	url={https://github.com/hbp-sanncs/pynam}
}

@book{reddy2011api,
  title={API Design for C++},
  author={Reddy, M.},
  year={2011},
  publisher={Elsevier Science}
}
